@article{сотников2013способ,
  title={Способ повышения эффективности вычислительных комплексов цифрового имитационного моделирования гидроакустической обстановки в реальном масштабе времени},
  author={Сотников, АА},
  journal={Машиностроение и компьютерные технологии},
  number={02},
  year={2013},
  publisher={Некоммерческое партнерство {\guillemotleft}Национальный Электронно-Информационный Консорциум{\guillemotright}}
}

@article{robles2010applications,
  title={Applications, systems and methods in smart home technology: A},
  author={Robles, Rosslin John and Kim, Tai-hoon},
  journal={Int. Journal of Advanced Science And Technology},
  volume={15},
  pages={37--48},
  year={2010}
}

@inproceedings{suresh2015review,
  title={A review on smart home technology},
  author={Suresh, Shruthi and Sruthi, PV},
  booktitle={2015 online international conference on green engineering and technologies (IC-GET)},
  pages={1--3},
  year={2015},
  organization={IEEE}
}

@inproceedings{sripan2012research,
  title={Research and thinking of smart home technology},
  author={Sripan, Meensika and Lin, Xuanxia and Petchlorlean, Ponchan and Ketcham, Mahasak},
  booktitle={International Conference on Systems and Electronic Engineering (ICSEE'2012)},
  pages={61--63},
  year={2012}
}

@book{harper2006inside,
  title={Inside the smart home},
  author={Harper, Richard},
  year={2006},
  publisher={Springer Science \& Business Media}
}